<?xml version="1.0" encoding="UTF-8"?><collection xmlns="http://www.loc.gov/MARC21/slim"><record><leader>00749nam--2200193-i-4500</leader><controlfield tag="001">000030860</controlfield><controlfield tag="002">20161230</controlfield><controlfield tag="005">20161230201038</controlfield><controlfield tag="008">060222s1000------------r-----000-0-eng-d</controlfield><datafield ind1=" " ind2=" " tag="020"><subfield code="a">0444006915</subfield></datafield><datafield ind1=" " ind2=" " tag="040"><subfield code="a">IFIN-HH</subfield></datafield><datafield ind1=" " ind2=" " tag="080"><subfield code="a">620.1:629.19(061.3)</subfield></datafield><datafield ind1="1" ind2=" " tag="100"><subfield code="a">Rindone, Guy E</subfield></datafield><datafield ind1="1" ind2="0" tag="245"><subfield code="a">Materials processing in the reduced gravity environment of space</subfield><subfield code="b">Volume 9 materials research society symposia proceedings. proceedings of the materials research society annual meeting, november 1981, copley plaza hotel, boston, massachusetts, usa</subfield><subfield code="c">Guy e. ridone</subfield></datafield><datafield ind1=" " ind2=" " tag="260"><subfield code="a">New York</subfield><subfield code="b">North-holland</subfield><subfield code="c">1982</subfield></datafield><datafield ind1=" " ind2=" " tag="300"><subfield code="a">XIII + 676P</subfield></datafield><datafield ind1=" " ind2=" " tag="490"><subfield code="a">Materials Research Society Symposia Proceedings</subfield></datafield><datafield ind1=" " ind2=" " tag="852"><subfield code="a">49226</subfield><subfield code="c">539</subfield></datafield><datafield ind1=" " ind2=" " tag="CAT"><subfield code="a">Sys</subfield><subfield code="c">20111012</subfield><subfield code="h">141427</subfield></datafield></record></collection>